<?xml version="1.0" encoding="UTF-8"?><record xmlns="http://www.loc.gov/MARC21/slim" xmlns:cinclude="http://apache.org/cocoon/include/1.0" xmlns:zs="http://www.loc.gov/zing/srw/">
  <leader>00511nz  a2200145n  4500</leader>
  <controlfield tag="001">no 97023157 </controlfield>
  <controlfield tag="003">DLC</controlfield>
  <controlfield tag="005">19970412054256.2</controlfield>
  <controlfield tag="008">970411n| acannaab|          |a ana     c</controlfield>
  <datafield tag="010" ind1=" " ind2=" ">
    <subfield code="a">no 97023157 </subfield>
  </datafield>
  <datafield tag="035" ind1=" " ind2=" ">
    <subfield code="a">(OCoLC)oca04316362 </subfield>
  </datafield>
  <datafield tag="040" ind1=" " ind2=" ">
    <subfield code="a">NmU</subfield>
    <subfield code="c">NmU</subfield>
  </datafield>
  <datafield tag="110" ind1="2" ind2="0">
    <subfield code="a">Sociedad Argentina de Docentes en Administración Financiera</subfield>
  </datafield>
  <datafield tag="410" ind1="2" ind2="0">
    <subfield code="a">SADAF (Organization : Córdoba, Argentina)</subfield>
  </datafield>
  <datafield tag="670" ind1=" " ind2=" ">
    <subfield code="a">Disertaciones, 1989?:</subfield>
    <subfield code="b">cover (Sociedad Argentina de Docentes en Administración Financiera) v. 1, prelim. p. (SADAF)</subfield>
  </datafield>
</record>